@book{bohm2010introduction,
  title={Introduction to statistics and data analysis for physicists},
  author={Bohm, G. and Zech, G.},
  isbn={9783935702416},
  url={http://www-library.desy.de/preparch/books/vstatmp_engl.pdf},
  year={2010},
  publisher={DESY}
}
@book{wall2003practical,
   title =     {Practical Statistics for Astronomers},
   author =    {J. V. Wall, C. R. Jenkins},
   publisher = {Cambridge University Press},
   isbn =      {9780521454162,0521454166},
   year =      {2003},
   series =    {Cambridge Observing Handbooks for Research Astronomers},
   edition =   {illustrated edition},
   volume =    {},
   url =       {http://gen.lib.rus.ec/book/index.php?md5=47705655059A02143D612652D0189EA0}
}
@book{feigelson2012modern,
	place =		{Cambridge},
	title =		{Modern Statistical Methods for Astronomy: With R Applications},
	DOI =		{10.1017/CBO9781139015653}, publisher={Cambridge University Press},
	author =	{Feigelson, Eric D. and Babu, G. Jogesh}, year={2012}
}